@article{Ruckstuhl2023,
  title={Translational longevity medicine: a Swiss perspective in an ageing country},
  author={Ruckstuhl, Michael M and others},
  journal={Swiss Medical Weekly},
  volume={153},
  pages={40088},
  year={2023}
}

@article{Cummings2022,
  title={Endpoints for geroscience clinical trials: health outcomes, biomarkers, and biologic age},
  author={Cummings, Steven R and Kritchevsky, Stephen B},
  journal={GeroScience},
  volume={44},
  pages={2925--2931},
  year={2022}
}

@article{Rockwood2005,
  title={A global clinical measure of fitness and frailty in elderly people},
  author={Rockwood, Kenneth and others},
  journal={CMAJ: Canadian Medical Association Journal},
  volume={173},
  number={5},
  pages={489--495},
  year={2005}
}

@article{Hoogendijk2019,
  title={Frailty: implications for clinical practice and public health},
  author={Hoogendijk, Emiel O and others},
  journal={The Lancet},
  volume={394},
  number={10206},
  pages={1365--1375},
  year={2019}
}

@article{Mak2023,
  title={Temporal Dynamics of Epigenetic Aging and Frailty From Midlife to Old Age},
  author={Mak, Judith K L and others},
  journal={The Journals of Gerontology: Series A},
  pages={glad251},
  year={2023},
  doi={10.1093/gerona/glad251}
}

@article{Moqri2023,
  title={Biomarkers of aging for the identification and evaluation of longevity interventions},
  author={Moqri, Mohammad and others},
  journal={Cell},
  volume={186},
  number={18},
  pages={3758--3775},
  year={2023}
}

@article{Rockwood2017,
  title={A Frailty Index Based On Deficit Accumulation Quantifies Mortality Risk in Humans and in Mice},
  author={Rockwood, Kenneth and others},
  journal={Scientific Reports},
  volume={7},
  pages={43068},
  year={2017}
}

@article{Rockwood2019,
  title={Age-related deficit accumulation and the diseases of ageing},
  author={Rockwood, Kenneth and Howlett, Susan E},
  journal={Mechanisms of Ageing and Development},
  volume={180},
  pages={107--116},
  year={2019}
}

@article{Baek2022,
  title={Frailty index and gender-specific mortality in Korean adults: Findings from the Korean Longitudinal Study of Aging (2006--2018)},
  author={Baek, Wonji and Min, Ahrin},
  journal={Journal of Advanced Nursing},
  volume={78},
  number={8},
  pages={2397--2407},
  year={2022}
}

@article{McNeil2018,
  title={Effect of Aspirin on Disability-free Survival in the Healthy Elderly},
  author={McNeil, John J and others},
  journal={New England Journal of Medicine},
  volume={379},
  pages={1499--1508},
  year={2018}
}

@article{Waziry2023,
  title={Effect of long-term caloric restriction on DNA methylation measures of biological aging in healthy adults from the CALERIE trial},
  author={Waziry, Reem and others},
  journal={Nature Aging},
  volume={3},
  pages={248--257},
  year={2023}
}

@article{Wiedemann2022,
  title={lcsm: An R package and tutorial on latent change score modelling},
  author={Wiedemann, Milan and Thew, Graham and Ko{\v{s}}ir, Ur{\v{s}}a and Ehlers, Anke},
  journal={Wellcome Open Research},
  volume={7},
  pages={149},
  year={2022}
}

@article{Peng2022,
  title={Frailty and risks of all-cause and cause-specific death in community-dwelling adults: a systematic review and meta-analysis},
  author={Peng, Yuan and Zhong, Guo-Chao and Zhou, Xiuling and Guan, Linghao and Zhou, Ling},
  journal={BMC Geriatrics},
  volume={22},
  pages={725},
  year={2022}
}

@book{Kleinbaum2012,
  title={Survival Analysis: A Self-Learning Text},
  author={Kleinbaum, David G and Klein, Mitchel},
  year={2012},
  publisher={Springer},
  address={New York}
}

@article{Peters2015,
  title={Predictive validity of a frailty measure (GFI) and a case complexity measure (IM-E-SA) on healthcare costs in an elderly population},
  author={Peters, Lilian L and Burgerhof, Johannes GM and Boter, Han and Wild, Beate and Buskens, Erik and Slaets, Joris PJ},
  journal={Journal of Psychosomatic Research},
  volume={79},
  number={5},
  pages={404--411},
  year={2015}
}

@article{Robinson2011,
  title={Frailty Predicts Increased Hospital and Six-Month Healthcare Cost Following Colorectal Surgery in Older Adults},
  author={Robinson, Thomas N and Wu, Daniel S and Stiegmann, Greg V and Moss, Marc},
  journal={The American Journal of Surgery},
  volume={202},
  number={5},
  pages={511},
  year={2011}
}

@article{Comans2016,
  title={The increase in healthcare costs associated with frailty in older people discharged to a post-acute transition care program},
  author={Comans, Tracy A and Peel, Nancye M and Hubbard, Ruth E and Mulligan, Andrew D and Gray, Leonard C and Scuffham, Paul A},
  journal={Age and Ageing},
  volume={45},
  number={2},
  pages={317--320},
  year={2016}
}

@online{ABS2023,
  title={Artificial Intelligence: The Future for Glaucoma Diagnosis},
  author={{Australian Bureau of Statistics}},
  year={2023},
  url={https://glaucoma.org.au/news-details/research/artificial-intelligence-the-future-for-glaucoma-diagnosis},
  urldate={2024-03-04}
}

@online{BLS2024,
  title={CPI Home},
  author={{Bureau of Labor Statistics}},
  year={2024},
  url={https://www.bls.gov/cpi/},
  urldate={2024-03-04}
}

@online{CBS2024,
  title={Prices},
  author={{Statistics Netherlands}},
  year={2024},
  url={https://www.cbs.nl/en-gb/economy/prices},
  urldate={2024-03-04}
}

@online{OECD,
  title={Purchasing Power Parities for GDP and related indicators},
  author={{OECD}},
  url={https://stats.oecd.org/Index.aspx?DataSetCode=PPPGDP},
  urldate={2024-03-04}
}

@online{SNB,
  title={Current interest rates and exchange rates},
  author={{Swiss National Bank}},
  url={https://www.snb.ch/en/the-snb/mandates-goals/statistics/statistics-pub/current_interest_exchange_rates},
  urldate={2024-03-04}
}

@article{Luini2023,
  title={Effect of frailty on healthcare utilization: policy analysis and recommendations to the Swiss health system},
  author={Luini, C and Calciolari, S},
  journal={Swiss Learning Health System},
  year={2023}
}

@article{Murphy2006,
  title={The Value of Health and Longevity},
  author={Murphy, Kevin M and Topel, Robert H},
  journal={Journal of Political Economy},
  volume={114},
  number={5},
  pages={871--904},
  year={2006}
}

@article{Scott2023a,
  title={The economics of longevity -- An introduction},
  author={Scott, Andrew J},
  journal={The Journal of the Economics of Ageing},
  volume={24},
  pages={100439},
  year={2023}
}

@article{Scott2023b,
  title={International Gains to Achieving Healthy Longevity},
  author={Scott, Andrew and Ashwin, Jean and Ellison, Martin and Sinclair, David},
  journal={Cold Spring Harbor Perspectives in Medicine},
  volume={13},
  pages={a041202},
  year={2023}
}

@article{Scott2021,
  title={The economic value of targeting aging},
  author={Scott, Andrew J and Ellison, Martin and Sinclair, David A},
  journal={Nature Aging},
  volume={1},
  pages={616--623},
  year={2021}
}

@article{Nathiya2023,
  title={Frailty Predicting Health-Related Quality of Life Trajectories in Individuals with Sarcopenia in Liver Cirrhosis: Finding from BCAAS Study},
  author={Nathiya, D and others},
  journal={Journal of Clinical Medicine},
  volume={12},
  number={16},
  pages={5348},
  year={2023}
}

@article{Moqri2024,
  title={Validation of biomarkers of aging},
  author={Moqri, Mohammad and others},
  journal={Nature Medicine},
  volume={30},
  pages={360--372},
  year={2024}
}

@article{DiStefano2024,
  title={Alternative approaches to measuring value: an update on innovative methods in the context of the United States Medicare drug price negotiation program},
  author={DiStefano, Matthew J and others},
  journal={Expert Review of Pharmacoeconomics \& Outcomes Research},
  volume={24},
  number={2},
  pages={171--180},
  year={2024}
}

@article{Basu2020,
  title={Health Years in Total: A New Health Objective Function for Cost-Effectiveness Analysis},
  author={Basu, Anirban and Carlson, Josh and Veenstra, David},
  journal={Value in Health},
  volume={23},
  number={1},
  pages={96--103},
  year={2020}
}

@article{Espeland2017,
  title={Clinical Trials Targeting Aging and Age-Related Multimorbidity},
  author={Espeland, Mark A and others},
  journal={The Journals of Gerontology: Series A, Biological Sciences and Medical Sciences},
  volume={72},
  number={3},
  pages={355--361},
  year={2017}
}

@article{Melton1996,
  title={History of the Rochester Epidemiology Project},
  author={Melton, L Joseph},
  journal={Mayo Clinic Proceedings},
  volume={71},
  number={3},
  pages={266--274},
  year={1996}
}

@online{NIAHealth,
  title={Health and Retirement Study (HRS)},
  author={{National Institute on Aging}},
  url={https://www.nia.nih.gov/research/resource/health-and-retirement-study-hrs},
  urldate={2024-03-04}
}

@article{WHI1998,
  title={Design of the Women's Health Initiative Clinical Trial and Observational Study},
  journal={Controlled Clinical Trials},
  volume={19},
  number={1},
  pages={61--109},
  year={1998}
}

@incollection{Caselli2021,
  title={Rectangularization of Survival Curve},
  author={Caselli, Graziella and Egidi, Viviana},
  booktitle={Encyclopedia of Gerontology and Population Aging},
  editor={Gu, Danan and Dupre, Matthew E},
  year={2021},
  publisher={Springer International Publishing},
  address={Cham},
  pages={4155--4165}
}

@book{Briggs2023,
  title={Decision Modelling for Health Economic Evaluation},
  author={Briggs, Andrew and Sculpher, Mark and Claxton, Karl},
  year={2023},
  publisher={Health Economics Research Centre}
}

@online{NICE2022,
  title={4 Economic evaluation | NICE health technology evaluations: the manual | Guidance | NICE},
  year={2022},
  url={https://www.nice.org.uk/process/pmg36/chapter/economic-evaluation-2},
  urldate={2024-03-04}
}

@article{Woods2016,
  title={Country-Level Cost-Effectiveness Thresholds: Initial Estimates and the Need for Further Research},
  author={Woods, Beth and Revill, Paul and Sculpher, Mark and Claxton, Karl},
  journal={Value in Health},
  volume={19},
  number={8},
  pages={929--935},
  year={2016}
}

@online{IMF,
  title={IMF DataMapper},
  author={{International Monetary Fund}},
  url={https://www.imf.org/external/datamapper/profile},
  urldate={2024-03-04}
}

@article{BischoffFerrari2025,
  title = {Individual and additive effects of vitamin D,  omega-3 and exercise on DNA methylation clocks of biological aging in older adults from the DO-HEALTH trial},
  volume = {5},
  ISSN = {2662-8465},
  url = {http://dx.doi.org/10.1038/s43587-024-00793-y},
  DOI = {10.1038/s43587-024-00793-y},
  number = {3},
  journal = {Nature Aging},
  publisher = {Springer Science and Business Media LLC},
  author = {Bischoff-Ferrari,  Heike A. and G\"{a}ngler,  Stephanie and Wieczorek,  Maud and Belsky,  Daniel W. and Ryan,  Joanne and Kressig,  Reto W. and St\"{a}helin,  Hannes B. and Theiler,  Robert and Dawson-Hughes,  Bess and Rizzoli,  René and Vellas,  Bruno and Rouch,  Laure and Guyonnet,  Sophie and Egli,  Andreas and Orav,  E. John and Willett,  Walter and Horvath,  Steve},
  year = {2025},
  month = feb,
  pages = {376–385}
}